%%%%%%%%%%%%%%%%%%%%%%%%%%%%%%%%%%%%%%%%%%%%%%%%%%%%%%%%%%%%%%%%%%%%%%
%%
%%      This is file Gaussian.bib. References file
%%
%%%%%%%%%%%%%%%%%%%%%%%%%%%%%%%%%%%%%%%%%%%%%%%%%%%%%%%%%%%%%%%%%%%%%

@Article{deBoor,
  author = 	 {Carl de Boor and Amos Ron},
  title = 	 {Computational aspects of polynominal interpolation in several variables},
  journal = 	 {Math Comp.},
  year = 	 {1997},
  volume = 	 {58},
  pages = 	 {198},
  month = 	 {April}
}

@Article{Sweldens1,
  author = 	 {Jelena Kova{\v{c}}evi{\'{c}} and Wim Sweldens},
  title = 	 {Wavelet Families of Increasing Order in Arbitrary Dimensions},
  journal = 	 {IEEE Trans. Signal Proc.},
  year = 	 {2000},
  volume = 	 {},
  pages = 	 {},
  month =        {March},
  note = 	 {submitted}

}  

@Article{Sweldens2,
  author = 	 {Wim Sweldens},
  title = 	 {The lifting scheme: A construction of second generation wavelets},
  journal = 	 {SIAM J. Math. Anal.},
  year = 	 {1997},
  volume = 	 {29},
  number = 	 {2},
  pages = 	 {511-546}
}

@inproceedings{Sweldens2b,
  author =       {Wim Sweldens},
  title =        {The Lifting Scheme: A New Philosophy in Biorthogonal Wavelet Constructions},
  booktitle =    {Wavelet Applications in Signal and Image Processing III},
  editor =       {A F Laine and M Unser},
  publisher =    {Proc.\ SPIE~2569},
  year =         {1995},
  pages =        {68-79}
}

@Article{Sweldens3,
  author = 	 {Wim Sweldens},
  title = 	 {The lifting scheme: A custom-design construction of biorthogonal wavelets},
  journal = 	 {Appl. Comput. Harmon. Anal.},
  year = 	 {1996},
  volume = 	 {3},
  number = 	 {2},
  pages = 	 {186-200}
}

@Article{Sweldens4,
  author = 	 {Wim Sweldens and R Piessens},
  title = 	 {Quadrature Formulae and Asymptotic Error Expansions for wavelet approximations of smooth functions},
  journal = 	 {SIAM J. Numer. Anal.},
  year = 	 {1994},
  volume = 	 {31},
  number = 	 {4},
  pages = 	 {1240-1264}
}

@InProceedings{Sweldens5,
  author = 	 {B Jawerth and Wim Sweldens},
  title = 	 {Wavelet multiresolution analyses adapted for the fast solution of boundary value ordinary differential equations},
  booktitle = 	 {Sixth Copper Mountain Conference on Multigrid Methods},
  pages = 	 {259-273},
  year = 	 {1993},
  editor = 	 {N D Melson and T A Manteuffel and S F McCormick},
  address = 	 {NASA},
  publisher = {NASA Conference Publication 3224}
}

@Article{Sweldens6,
  author = 	 {B Jawerth and Wim Sweldens},
  title = 	 {Biorthogonal smooth local trigonometric bases},
  journal = 	 {J. Fourier Anal. Appl.},
  year = 	 {1995},
  volume = 	 {2},
  number = 	 {2},
  pages = 	 {109-133}
}

@Article{Sweld_Sub1,
  author =       {D Zorin and  P Schr{\"o}der and W Sweldens},
  title =        {Interpolating Subdivision for Meshes with Arbitrary Topology},
  journal =      {Computer Graphics Proceedings (SIGGRAPH 96)},
  publisher =    {ACM Siggraph},
  pages =        {189-192},
  year =         {1996},
}


@TechReport{Don_interp1,
  title =        {Interpolating Wavelet Transforms},
  author =       {David L Donoho},
  year =         {1992},
  institution =  {Technical Report 408, Department of Statistics,
                 Stanford University},
}


@Article{Xia1,
  author = 	 {X G Xia},
  title = 	 {Wavelet coefficient computation with optimal pre-filtering},
  journal = 	 {IEEE Trans. Signal Process.},
  year = 	 {1994},
  volume = 	 {42},
  pages = 	 {2191-2197},
  OPTnote = 	 {X. G. Xia, C. C. Kuo and Z. Zhang}
}

@Article{Cohen1,
  author = 	 {A Cohen and J M Schlenker},
  title = 	 {Compactly supported bi-dimensional wavelet basis with hexagonal symmetry},
  journal = 	 {Constr. Approx.},
  year = 	 {1993},
  volume = 	 {9},
  number = 	 {2},
  pages = 	 {209-236}
}


@Article{Kovacevic1,
  author = 	 {J Kova\v{c}evi\'{c} and M Vetterli},
  title = 	 {Nonseparable multidimensional perfect reconstruction filter banks and wavelet basis for ${\Re R}^d$},
  journal = 	 {IEEE Trans. Inform. Theory},
  year = 	 {1992},
  volume = 	 {38},
  number = 	 {2},
  pages = 	 {533-555}
}

@Article{Shen1,
  author = 	 {S D Riemenschneider and Z Shen},
  title = 	 {Wavelets and pre-wavelets in low dimensions},
  journal = 	 {J. Approx Theory},
  year = 	 {1992},
  volume =	 {71},
  number =	 {1},
  pages =	 {18-38}
}

@Article{Basu,
  author = 	 {Sankar Basu},
  title = 	 {Multi-dimensional Filter Banks and Wavelets--A system Theoretic Perspective},
  journal = 	 {J. Franklin Inst.},
  year = 	 {1998},
  volume = 	 {335B},
  number = 	 {8},
  pages = 	 {1367-1409}
}

@Article{Stanhill,
  author = 	 {David Stanhill and Yehoshua Y Zeevi},
  title = 	 {Two-Dimensional Orthognal Filter Banks and Wavlets with Linear Phase},
  journal = 	 {IEEE Trans. Signal Process.},
  year = 	 {1998},
  volume = 	 {46},
  number = 	 {1},
  pages = 	 {183-190},
  month = 	 {January}
}

@Article{Beylkin1,
  author = 	 {G Beylkin},
  title = 	 {Fast Wavelet Transforms and Numerical Algorithms I},
  journal = 	 {Commun. Pur. Appl. Math},
  year = 	 {1991},
  volume = 	 {44},
  number = 	 {2},
  pages = 	 {141-183},
  month = 	 {}
}


@Article{Beylkin2,
  author = 	 {G Beylkin and J M Keiser},
  title = 	 {On the Adaptive Numerical-solution of Nonlinear Partial-Differantial Equation in Wavelet Basis},
  journal = 	 {J. Comp. Phys.},
  year = 	 {1997},
  volume = 	 {132},
  number = 	 {2},
  pages = 	 {233-259},
  month = 	 {April}
}

@Article{Beylkin3,
  author = 	 {G Beylkin and J Dunn and D Gines},
  title = 	 {Order N Static and Quasi-Static Computations in Electrodynamics using Wavelets},
  journal = 	 {J. Comp. Phys.},
  year = 	 {1997},
  volume = 	 {},
  number = 	 {},
  pages = 	 {}
}

@Article{Amaratunga,
  author = 	 {K Amaratunga},
  title = 	 {Wavelet-Galerkin solutions for one-dimentional partial-differential equations},
  journal = 	 {Int. J. Numer. Meth. Eng.  },
  year = 	 {1994},
  volume = 	 {37},
  number = 	 {16},
  pages = 	 {2703-2716},
%  OPTnote = 	 {K. Amaratunga, J. R. Williams, S. Qian and J. Weiss}
}

@Article{HotArias,
  author = 	 {K Cho and T A Arias and J D Joannopoulos and P K Lam},
  title = 	 {Wavelets in Electronic-Structure Calculations},
  journal = 	 {Phys. Rev. Lett.},
  year = 	 {1993},
  volume = 	 {71},
  number = 	 {12},
  pages = 	 {1808-1811}
}

@Article{Elec_Wave1,
  author = 	 {D A Richie and K Hess},
  title = 	 {Wavelet based electronic structure calculations},
  journal = 	 {Micro Eng.},
  year = 	 {1999},
  volume = 	 {47},
  number = 	 {1-4},
  pages = 	 {333-335}
}

@Article{Elec_Wave2,
  author = 	 {S Q Wei and M Y Chou},
  title = 	 {Wavelets in self-consistent electronic structure calculations},
  journal = 	 {Phys. Rev. Lett.}, 
  year = 	 {1996},
  volume = 	 {76},
  number = 	 {15},
  pages = 	 {2650-2653}
}

@Article{Elec_Wave3,
  author = 	 {M E Brewster and  G I Fann and Z Y Yang}, 
  title = 	 {Wavelets for electronic structure calculations.},
  journal = 	 {J. Math Chem.},
  year = 	 {1997},
  volume = 	 {22},
  number = 	 {2-4},
  pages = 	 {117-142}
}

@Article{Elec_Wave4,
  author = 	 {S Goedecker and O Ivanov},
  title = 	 {Algorithms & applications : Solution of multiscale partial
differential equations using wavelets},
  journal = 	 {COMPUTERS IN PHYSICS },
  year = 	 {1998},
  volume = 	 {12},
  number = 	 {6},
  pages = 	 {548-555}
}



@Article{tymczak1,
  author = 	 {C J Tymczak and X Q Wang},
  title = 	 {Orthonormal Wavelet Basis for Quantum Molecular-Dynamics},
  journal = 	 {Phy. Rev. Lett.},
  year = 	 {1997},
  volume =	 {78},
  pages =	 {3654-3657}
}

@Article{tymczak2,
  author = 	 {C J Tymczak and  Anders M N Niklasson and Heinrich R\"{o}der},
  title = 	 {Non-separable Multi-wavelets in Multi-dimension},
  journal = 	 {J. Comp. Phys.},
  year = 	 {2000},
  volume =	 {},
  pages =	 {}
}

@ncollection{Daub:DOp,
  author =       {I Daubechies},
  title =        {Two Recent Results on Wavelets: Wavelet Bases for the Interval, and Biorthogonal Wavelets Diagonalizing the Derivative Operator},
  booktitle =    {Recent Advances in Wavelet Analysis},
  editor =       {Larry L. Schumaker and Glenn Webb},
  publisher =    {Academic Press},
  year =         {1994},
  pages=         {237-257}
}



@PhdThesis{WaveDiag,
  author = 	 {Fredrik Ekstedt},
  title = 	 {Wavelet Diagonalization of Convolution Operators},
  school = 	 {G{\"o}teborg University},
  year = 	 {1997},
  address = 	 {G{\"o}teborg, Sweden}
}

@Article{PSolver,
  author = 	 {C J Tymczak and Anders M N Niklasson and Heinrich R\"{o}der},
  title = 	 {Diagonalization of the Poisson Operator using Bi-orthogonal Multi-Wavelets },
  journal = 	 {J. Comp. Phys.},
  year = 	 {in preparation},
  volume =	 {},
  pages =	 {}

}

@Article{Molter,
  author = 	 {C Cabrelli and  C Heil and U Molter},
  title = 	 {Accuracy of Lattice Translates of Several Multidimensional Refinable Functions.},
  journal = 	 {J. Approx. Theory},
  year = 	 {1998},
  volume =	 {58},
  pages =	 {5-52}
}

@Article{Daub88,
  title =        {Orthonormal Bases of Compactly Supported Wavelets},
  author =       {I Daubechies},
  journal =      {Comm. Pure and Appl. Math.},
  volume =       {41},
  year =         {1988},
  pages =        {909-996},
}


@Article{Daub91,
 author =        {I Daubechies and J Lagarias},
 title =         {Two-scale difference equations, I},
 journal =       {SIAM J. Math. Anal.},
 volume =        {22},
 year =          {1991},
 pages =         {1388-410} 
}

@Article{Daub92,
 Author =        {I Daubechies and J Lagarias},
 Title =         {Two-scale difference equations, II},
 Journal =       {SIAM J. Math. Anal.},
 Volume =        {23},
 Year =          {1992},
 Pages =         {1031-1079}
}

@Article{Daub93a,
 Author =       {Ingrid Daubechies},
 Title =        {Orthonormal bases of compactly supported wavelets:  II. Variations
                 on a theme},
 Journal =      {SIAM J. Math. Anal.},
 Volume =       {24},
 Year =         {1993},
 Pages =        {499-519},
}

@Article{Daub93b,
 author =        {A Cohen and Ingrid Daubechies},
 title =         {Orthonormal bases of compactly supported wavelets:  III. 
                  Better frequency resolution},
 journal =       {SIAM J. Math. Anal.},
 volume =        {24},
 year =          {1993},
 pages =         {520-527},
}

@Book{TenLect,
  author =	 {Ingrid Daubechies},
  editor =	 {},
  title = 	 {Ten Lectures on Wavelets},
  publisher = 	 {Society for Industrial and Applied Math.},
  year = 	 {1992},
  address = 	 {Philadelphia}
}

@Book{WaveletTour,
  author = 	 {St{\'e}phane Mallat},
  title = 	 {A Wavelet Tour of Signal Processing},
  publisher = 	 {Academic Press, Inc.},
  year = 	 {1998},
  address = 	 {San Diego}
}

@Book{Introwave,
  author = 	 {C K Chui},
  title = 	 {An Introduction to Wavelets},
  publisher = 	 {Academic Press, Inc.},
  year = 	 {1992},
  address = 	 {San Diego}
}

@Book{Wavetheory,
  title =        {Wavelets: Theory, Algorithms, and Applications},
  editor =       {K Charles and  Chui Montefusco and Laura Montefusco and Luigia Puccio},
  volume =       {5},
  series =       {Wavelet Analysis and its Applications},
  year =         {1994},
  publisher =    {Academic Press, Inc.},
}

@Book{NumAnal,
  author = 	 {J Stoer and R Bulirsch},
  title = 	 {Introduction to Numerical Analysis},
  publisher = 	 {Spronger Verlag},
  year = 	 {1980},
  address = 	 {New York}
}

@phdthesis{chen1994,
 Author =        {Chen and Debao},
 Title =         {Cardinal spline wavelets},
 Year =          {1994},
 Institution =   {Univ. of Texas at Austin},
 Pages =         {103},
}

@Article{Multiwave1,
  author = 	 {D P Hardin and J A Marasovich},
  title = 	 {Biorthogonal Multiwavelets on [-1,1] },
  journal = 	 {ACJHA },
  year = 	 {1999},
  volume = 	 {7(#1)},
  pages = 	 {34-53},
  month = 	 {July}
}

@InCollection{Multiwave2,
  title =        {From Wavelets to Multiwavelets},
  author =       {Gerlind Plonka and Vasily Strela},
  booktitle =    {Mathamatical Methods for Curves and Surfaces II},
  editor =       {M. Dahlem and T. Lyche and L. Shumaker},
  publisher =    {Vanderbilt University Press},
  year =         {1998},
}

@PhdThesis{Multiwave3,
  title =        {Multiwavelets: Theory and Applications},
  author =       {Vasily Strela},
  school =       {Massachusetts Institute of Technology},
  year =         {1996},
}

%%%%%%%%%%%%%%%%%%%%%%%%%%%%%%%%%%%%%%%%%%%%%%%%%%%%%%%%%%%%%%%%%%%%%%
%%
%%
%%%%%%%%%%%%%%%%%%%%%%%%%%%%%%%%%%%%%%%%%%%%%%%%%%%%%%%%%%%%%%%%%%%%%%

@Article{Plane_Wave,
  author = 	 {M C Payne and M P Teter and D C Allan and T A Arias and J D Joannopoulos},
  title =        {Iterative Minimization Techniques for Abinitio Total-Energy Calculation: Molecular-Dynamics and Conjugate Gradients},
  journal = 	 {Rev. Mod. Phys.},
  year = 	 {1992},
  volume = 	 {64},
  number =       {4},
  pages = 	 {1045-1097},
  month = 	 {Oct}
}

@Article{Atom_orbit,
  author = 	 {J R Smith and J G Gay},
  title = 	 {Inherently Self-Consistent Proceedure for Obtaining Electronic Structure: Resuslts for a Lithium Particle},
  journal = 	 {Phys. Rev. B},
  year = 	 {1975},
  volume = 	 {12},
  number =       {10},
  pages = 	 {4238-4246},
  month = 	 {}
}

@Article{Muffin-Tin,
  author = 	 {O K Anderson},
  title = 	 {Linear Methods in Band Theory.},
  journal = 	 {Phys. Rev. B},
  year = 	 {1975},
  volume = 	 {12},
  number =       {8},
  pages = 	 {3060-3083},
  month = 	 {}
}


@Article{Gaussian_old,
  author = 	 {S F Boys},
  title = 	 {},
  journal = 	 {Proc. R. Soc. London},
  year = 	 {1950},
  volume =	 {, Ser. 200},
  number =	 {},
  pages =	 {542}
}

@Article{Gaussian_new,
  author = 	 {M Challacombe},
  title = 	 {A simplified density matrix minimization for linear scaling self-consistent field theory.},
  journal = 	 {J. Chem. Phys.},
  year = 	 {1999},
  volume = 	 {110},
  number =       {5},
  pages = 	 {2332-2342},
  month = 	 {Feb}
}

@Article{Psuedo-Pot,
  author = 	 {W E Pickett},
  title = 	 {Pseudopotential Methods in Condensed Matter Applications.},
  journal = 	 {Computer Physics Reports},
  year = 	 {1989},
  volume = 	 {9},
  number =       {3},
  pages = 	 {115-197},
  month = 	 {}
}



