@string{jcp  = "J. Chem. Phys."}
@string{jcc  = "J. Comput. Chem."}
@string{jpc  = "J. Phys. Chem."}
@string{jpc  = "J. Phys. Chem. A"}
@string{acp  = "Adv. Chem. Phys."}
@string{tca  = "Theor. Chim. Acta"}
@string{cp   = "Chem. Phys."}
@string{cpl  = "Chem. Phys. Lett."}
@string{pr   = "Phys. Rev."}
@string{prl  = "Phys. Rev. Lett."}
@string{pra  = "Phys. Rev. A"}
@string{prb  = "Phys. Rev. B"}
@string{ijqc = "Int. J. Quantum Chem."}
@string{ijqcs = "Int. J. Quantum Chem. Symp."}
@String{cpc = "Comput. Phys. Comm."}
@String{aqc = "Adv. Quantum. Chem."}
@string{jpca  = "J. Phys. Chem. A"}
@string{rmp   = "Rev. Mod. Phys."}
@string{jacs  = "J. Am. Chem. Soc."}






@Article{Me,
  author = 	 {V. Weber and A. M. N. Niklasson and M. Challacombe},
  journal = 	 {unpublished},
  year = 	 {2004},
}

@Article{Bowler_2002,
  author = 	 {D. R. Bowler and M. J. Gillan},
  journal = 	 cpl,
  year = 	 {2002},
  volume = 	 {355},
  pages = 	 {306},
}

@Article{Matt_dbcsr,
  author = 	 {M. Challacombe},
  journal = 	 cpc,
  year = 	 {2000},
  volume = 	 {128},
  pages = 	 {93},
}

@Article{LNV,
  author = 	 {X. P. Li and R. W. Nunes and D. Vanderbilt},
  journal = 	 prb,
  year = 	 {1993},
  volume = 	 {47},
  pages = 	 {10891},
}

@Article{Franky_1997,
  author = 	 {S. J. A. van Gisbergen and J. G. Snijders and E. J. Baerends},
  journal = 	 prl,
  year = 	 {1997},
  volume = 	 {78},
  pages = 	 {3097},
}

@Article{Malkin_1996,
  author = 	 {O. L. Malkina and D. R. Salahub and V. G. Malkin},
  journal = 	 jcp,
  year = 	 {1996},
  volume = 	 {105},
  pages = 	 {8793},
}

@Article{Pennington_1991,
  author = 	 {C. H. Pennington and C. P. Slichter},
  journal = 	 prl,
  year = 	 {1991},
  volume = 	 {66},
  pages = 	 {381},
}

@Article{Pulay_1990,
  author = 	 {K. Wolinski and J. F. Hinton and P. Pulay},
  journal = 	 jacs,
  year = 	 {1990},
  volume = 	 {112},
  pages = 	 {8251},
}

@Article{Helgaker_1996,
  author = 	 {J. Gauss and K. Ruud and T. Helkager},
  journal = 	 jcp,
  year = 	 {1996},
  volume = 	 {105},
  pages = 	 {2804},
}

@Article{Champagne_2001,
  author = 	 {O. Quinet and B. Champagne},
  journal = 	 jcp,
  year = 	 {2001},
  volume = 	 {115},
  pages = 	 {6293},
}

@Article{Lazzeri_2003,
  author = 	 {M. Lazzeri and F. Mauri},
  journal = 	 prl,
  year = 	 {2003},
  volume = 	 {90},
  pages = 	 {36401},
}

@Article{Lee_1994,
  author = 	 {A. M. Lee and S. M. Colwell},
  journal = 	 jcp,
  year = 	 {1994},
  volume = 	 {101},
  pages = 	 {9704},
}

@misc{pgf90,
	author = {\mbox{The Portland Group}},
	title = {pgf90 4.0-2 },
	howpublished = {\url{http://www.pgroup.com/}},
	year = 2002
}

@Article{gamess,
  author = {M. W. Schmidt and K. K. Baldridge and J. A. Boatz and S. T. Elbert and M
. S. Gordon and J. H. Jensen and S. Koseki and N. Matsunaga and K. A. Nguyen and S. Su and
 T. L. Windus and M. Dupuis and J. A. Montgomery},
  title =        {},
  journal =      jcch,
  year =         {1993},
  volume =       {14},
  pages =        {1347},
}

@Article{Anders_2002,
  author = 	 {A. M. N. Niklasson},
  journal = 	 prb,
  year = 	 {2002},
  volume = 	 {66},
  pages = 	 {155115},
}

@Article{Anders_2003,
  author = 	 {A. M. N. Niklasson and C. J. Tymczak and M. Challacombe},
  journal = 	 jcp,
  year = 	 {2003},
  volume = 	 {118},
  pages = 	 {8611},
}

@Article{Frisch_1990,
  author = 	 {M. Frisch and M. Head-Gordon and J. Pople},
  journal = 	 cp,
  year = 	 {1990},
  volume = 	 {141},
  pages = 	 {189},
}

@Article{Pople_1979,
  author = 	 {J. Pople and R. Krishnan and H. B. Schlegel and J. S. Binkley},
  journal = 	 ijqcs,
  year = 	 {1979},
  volume = 	 {S13},
  pages = 	 {225},
}

@Article{McWeeny,
  author = 	 {R. McWeeny},
  journal = 	 rmp,
  year = 	 {1960},
  volume = 	 {32},
  pages = 	 {335},
}

@Article{Water,
  author = 	 {E. Schwegler and m. Challacombe},
  journal = 	 jcp,
  year = 	 {1996},
  volume = 	 {105},
  pages = 	 {2726},
}

@Article{Ochsenfeld_1997,
  author = 	 {C. Ochsenfeld and M. Head-Gordon},
  journal = 	 cpl,
  year = 	 {1997},
  volume = 	 {270},
  pages = 	 {399},
}

@Article{Furche_2001,
  author = 	 {F. Furche},
  journal = 	 jcp,
  year = 	 {2001},
  volume = 	 {114},
  pages = 	 {5982},
}

@Article{Weber_2003,
  author = 	 {V. Weber and C. Daul},
  journal = 	 cpl,
  year = 	 {2003},
  volume = 	 {370},
  pages = 	 {99},
}

@Article{Anders,
  author = 	 {A. M. N. Niklasson and M. Challacombe},
  journal = 	 {???},
  year = 	 {2003},
  OPTvolume = 	 {},
  OPTpages = 	 {},
}

@Article{Dupuis_1991,
  author = 	 {S. P. Karna and M. Dupuis},
  journal = 	 jcc,
  year = 	 {1991},
  volume = 	 {12},
  pages = 	 {487},
}

@Article{Sekino_1986,
  author = 	 {H. Sekino and R. J. Bartlett},
  journal = 	 jcp,
  year = 	 {1986},
  volume = 	 {85},
  pages = 	 {976},
}

@Article{Helgaker_2001,
  author = 	 {H. Larsen and T. Helgaker and J. Olsen and P. Jorgensen},
  journal = 	 jcp,
  year = 	 {2001},
  volume = 	 {115},
  pages = 	 {10345},
}

