@ARTICLE{McWeeny60,
   author = "R. McWeeny",
   year = "1960",
   journal = "Rev.\ Mod.\ Phys.",
   volume = "32",
   pages = "335"
}

@ARTICLE{Lowdin,
   author = "P.\ O. Lowdin",
   year = "1950",
   journal = "J.\ Chem.\ Phys.",
   volume = "18",
   pages = "365"
}

@ARTICLE{ICH,
   author = "Inverse Cholesky extrapolation"
}

@ARTICLE{Kenney95,
   author = "C.\ S. Kenney and A.\ J. Laub",
   year = "1995",
   journal = "IEEE Trans. Autom. Control",
   volume = "40",
   pages = "1330"
}


@ARTICLE{Clinton69,
   author = "W.\ L. Clinton and A.\ J. Galli and L.\ J. Masa",
   year = "1969",
   journal = "Phys.\ Rev.",
   volume = "177",
   pages = "7"
}

@ARTICLE{Yang91,
   author = "W. Yang",
   year = "1992",
   journal = "Phys.\ Rev.\ Lett.",
   volume = "66",
   pages = "1438"
}

@ARTICLE{Galli92,
   author = "G. Galli and M. Parrinello",
   year = "1992",
   journal = "Phys.\ Rev.\ Lett.",
   volume = "69",
   pages = "3547"
}

@ARTICLE{Mauri93,
   author = "F. Mauri and G. Galli and R. Carr",
   year = "1993",
   journal = "Phys.\ Rev.\ B",
   volume = "47",
   pages = "9973"
}

@ARTICLE{Li93,
   author = "X.\ P. Li and R.\ W. Nunes and D. Vanderbilt",
   year = "1993",
   journal = "Phys.\ Rev.\ B",
   volume = "47",
   pages = "10891"
}

@ARTICLE{Nunes94,
   author = "R.\ W. Nunes and D. Vanderbilt",
   year = "1994",
   journal = "Phys.\ Rev.\ B",
   volume = "50",
   pages = "17611"
}

@ARTICLE{Sanches97,
   author = "D. SanchesPortal and P. Ordejon and E. Artacho and J.\ M. Soler",
   year = "1997",
   journal = "Int.\ J.\ Quant.\ Chem. ",
   volume = "65",
   pages = "453"
}

@ARTICLE{Bowler97,
   author = "D.\ R. Bowler and M. Aoki and C.\ M. Goringe and A.\ P. Horsfield
             and D.\ G. Pettifor",
   year = "1997",
   journal = "Modell.\ Simul.\ Mater.\ Sci.",
   volume = "5",
   pages = "199"
}

@ARTICLE{Galli96,
   author = "G. Galli",
   year = "1996",
   journal = "Curr.\ Opin.\ Solid State Mater.\ Sci.",
   volume = "1",
   pages = "864"
}

@ARTICLE{Abrikosov96,
   author = "I.\ A. Abrikosov and A.\ M.\ N. Niklasson and S.\ I. Simak and B. Johansson and A.\ V. Ruban and H.\ L. Skriver",
   year = "1996",
   journal = "Phys.\ Rev.\ Lett.",
   volume = "76",
   pages = "4203"
}


@ARTICLE{Goedecker99,
   author = "S. Goedecker",
   year = "1999",
   journal = "Rev.\ Mod.\ Phys.",
   volume = "71",
   pages = "1085"
}

@ARTICLE{Wu02,
   author = "S.\ Y. Wu and C.\ S. Jayanthi",
   year = "2002",
   journal = "Physics Reports-Review Section of Physics Letters",
   volume = "358",
   pages = "1"
}

@ARTICLE{Benzi00,
   author = "M. Benzi and C.\ D. Mayer and M. Tuma",
   year = "2000",
   journal = "SIAM J.\ Sci.\ Comput.",
   volume = "17",
   pages = "1135"
}

                                                                                                
@ARTICLE{Ordejon00,
   author = "P. Ordejon",
   year = "2000",
   journal = "Phys.\ Status Solidi B",
   volume = "217",
   pages = "335"
}

@ARTICLE{Palser98,
   author = "A.\ H.\ R. Palser and D.\ E. Manolopoulos",
   year = "1998",
   journal = "Phys.\ Rev.\ B",
   volume = "58",
   pages = "12704"
}

@ARTICLE{Mazziotti03,
   author = "D.\ A.\ Mazziotti",
   year = "2003",
   journal = "Phys.\ Rev.\ E",
   volume = "68",
   pages = "066701"
}

@ARTICLE{Holas01,
   author = "A.\ Holas",
   year = "2001",
   journal = "Chem.\ Phys.\ Lett.",
   volume = "340",
   pages = "552"
}
@ARTICLE{NiklassonWLT,
   author = "A.\ M.\ N.\ Niklasson and C.\ J.\ Tymczak and H.\ Roder",
   year = "2002",
   journal = "Phys.\ Rev.\ B",
   volume = "66",
   pages = "155120"
}
@ARTICLE{NiklassonTC2,
   author = "A.\ M.\ N.\ Niklasson",
   year = "2002",
   journal = "Phys.\ Rev.\ B",
   volume = "66",
   pages = "155115"
}

@ARTICLE{NiklassonIPUR,
   author = "A.\ M.\ N.\ Niklasson",
   year = "2003",
   journal = "Phys.\ Rev.\ B",
   volume = "68",
   pages = "233104"
}

@ARTICLE{Paterson73,
   author = "M.\ S. Paterson and L.\ J. Stockmyer",
   year = "1973",
   journal = "SIAM Rev.",
   volume = "45",
   pages = "3"
}

@ARTICLE{Liang04,
   author = "W.\ Z. Liang and C. Saravanan and Y. Shao and R. Baer and A.\ T. Bell and M. Head-Gordon",
   year = "2003",
   journal = "J.\ Chem.\ Phys.",
   volume = "119",
   pages = "4117"
}

@ARTICLE{NiklassonTRS4,
   author = "A.\ M.\ N.\ Niklasson and C.\ J.\ Tymczak and M. Challacombe",
   year = "2003",
   journal = "J.\ Chem.\ Phys.",
   volume = "118",
   pages = "8611"
}

@ARTICLE{NiklassonNO,
   author = "A.\ M.\ N.\ Niklasson and V. Weber and M. Challacombe",
   year = "2004",
   journal = "arXive: cond-mat/xxx"
}

@ARTICLE{Kohn96,
   author = "W.\ Kohn",
   year = "1996",
   journal = "Phys.\ Rev.\ Lett.",
   volume = "76",
   pages = "3168"
}

@ARTICLE{Baer97,
   author = "R. Baer and M. Head-Gordon",
   year = "1997",
   journal = "Phys.\ Rev.\ Lett.",
   volume = "79",
   pages = "3962"
}

@ARTICLE{Wang95,
   author = "Y. Wang and G.\ M. Stocks and W.\ A. Shelton and D.\ M.\ C. Nicholson and Z.\ Szotek and W.\ M. Temmerman",
   year = "1995",
   journal = "Phys.\ Rev.\ Lett.",
   volume = "75",
   pages = "2867"
}


@ARTICLE{Challa99,
   author = "M.\ Challacombe",
   year = "1999",
   journal = "J.\ Chem.\ Phys.",
   volume = "110",
   pages = "2332"
}

@ARTICLE{Schwegler96,
   author = "E. Schwegler and M. Challacombe",
   year = "1996",
   journal = "J.\ Chem.\ Phys.",
   volume = "105",
   pages = "2726"
}

@ARTICLE{MChalla97,
   author = " M. Challacombe  and E. Schwegler",
   year = "1997",
   journal = "J.\ Chem.\ Phys.",
   volume = "106",
   pages = "5526"
}

@ARTICLE{McWeeny_PRT,
   author = "R. McWeeny",
   year = "1962",
   journal = "Phys.\ Rev.",
   volume = "126",
   pages = "1028"
}
@ARTICLE{Kohn59,
   author = "W.\ Kohn",
   year = "1959",
   journal = "Phys.\ Rev. ",
   volume = "115",
   pages = "809"
}
@ARTICLE{Kohn64,
   author = "W.\ Kohn",
   year = "1964",
   journal = "Phys.\ Rev. A",
   volume = "133",
   pages = "A171"
}

@ARTICLE{Kohn95,
   author = "W.\ Kohn",
   year = "1995",
   journal = "Int.\ J.\ Quant.\ Chem.",
   volume = "56",
   pages = "229"
}


@MISC{Mondo_SCF,
   author = " M.\ Challacombe and E.\ Schwengler and C.\ J.\ Tymczak and C.\ K.\ Gan and  K.\ Nemeth and V.\ Weber and A.\ M.\ N.\ Niklasson ",
   year = "2001",
   eprint = "URL http://www.t12.lanl.gov/home/mchalla/. "
}

@ARTICLE{Niklasson04,
   author = "A.\ M.\ N. Niklasson and M. Challacombe",
   year = "2004",
   eprint = "arXiv:cond-mat/0311591 (LA-UR 03-6445)",
   journal = "to appear in Phys.\ Rev.\ Lett. ",
   volume = "",
   pages = ""
}

@ARTICLE{Weber04,
   author = "V. Weber and A.\ M.\ N. Niklasson and M. Challacombe",
   year = "2004",
   journal = "to appear in Phys.\ Rev.\ Lett. ",
   volume = "",
   pages = ""
}

@ARTICLE{Millan97,
   author = "J.\ M. Millan and G.\ E. Scuseria",
   year = "1997",
   journal = "J.\ Chem.\ Phys. ",
   volume = "106",
   pages = "5569"
}

@ARTICLE{Scuseria99,
   author = "G.\ E. Scuseria",
   year = "1999",
   journal = "J.\ Phys.\ Chem. ",
   volume = "103",
   pages = "4782"
}

@ARTICLE{Stechel94,
   author = "E.\ B. Stechel and A.\ R. Williams and P.\ J. Feibelman",
   year = "1994",
   journal = "Phys.\ Rev.\ B ",
   volume = "49",
   pages = "10088"
}

@ARTICLE{Goedecker94,
   author = "S. Goedecker and L. Colombo",
   year = "1994",
   journal = "Phys.\ Rev.\ Lett. ",
   volume = "73",
   pages = "122"
}

@ARTICLE{Mezey,
   author = "Mezey",
   year = "",
   journal = "",
   volume = "",
   pages = ""
}

@ARTICLE{Benzi96,
   author = "M. Benzi and C.\ D Meyer and M. Tuma",
   year = "1996",
   journal = "SIAM J.\ Sci.\ Compt.",
   volume = "17",
   pages = "1135"
}

@ARTICLE{Beylkin96,
   author = "G. Beylkin",
   year = "1996",
   journal = "In {\it Wavelets Theory and Applications}, Editors: G Erlenbacher
   et al., Oxford University Press" ,
}

@ARTICLE{Daniels99,
   author = "A.\ D. Daniels and G.\ E. Scuseria",
   year = "1999",
   journal = "J.\ Chem.\ Phys.",
   volume = "110",
   pages = "1321"
}

@ARTICLE{Millam97,
   author = "J.\ M. Millam and G.\ E. Scuseria",
   year = "1997",
   journal = "J.\ Chem.\ Phys. ",
   volume = "106",
   pages = "5569"
}

@ARTICLE{Atkins,
   author = "P.\ W. Atkins and R.\ S. Friedman",
   year = "1997",
   journal = "{\it Molecular Quantum Mechanics}, Third Edition, Oxford University Press",
   pages = "244-248"
}


@ARTICLE{GvL,
   author = "G.\ H. Golub and C.\ F. VanLoan",
   year = "1989",
   journal = "{\it Matrix Computations}, The John Hopkins University Press",
   pages = "182"
}

@ARTICLE{Schulz33,
   author = "G. Schulz",
   year = "1933",
   journal = "Z.\ Angew.\ Math.\ Mech.",
   volume = "13",
   pages = "57"
}

@ARTICLE{Ozaki01,
   author = "T. Ozaki",
   year = "2001",
   journal = "Phys.\ Rev.\ B", 
   volume = "64",
   pages = "195110"
}
@ARTICLE{Nemeth00,
   author = "K. Nemeth and G.\ S. Scusseria",
   year = "2000",
   journal = "J.\ Chem.\ Phys.",
   volume = "113",
   pages = "32"
}

@ARTICLE{WeberPRT3,
   author = "V. Weber and A.\ M.\ N. Niklasson and M. Challacombe",
   year = "2004",
   journal = "Submitted to J.\ Chem.\ Phys.",
}

@ARTICLE{Larsen01,
   author = "H. Larsen and T. Helgaker and J. Olsen and P. Jorgensen",
   year = "2001",
   journal = "J.\ Chem.\ Phys.",
   volume = "115",
   pages = "10344"
}

@ARTICLE{Ochsenfeld97,
   author = "C. Ochsenfeld and M. Head-Gordon",
   year = "1997",
   journal = "Chem.\ Phys.\ Lett.",
   volume = "270",
   pages = "5691"
}

@ARTICLE{NiklassonIR,
   author = "A.\ M.\ N. Niklasson",
   year = "2004",
   journal = "Iterative refinement method for the approximate factorization of a matrix inverse (submitted to Phys. Rev. B)"
}

@ARTICLE{Baker93,
   author = "J. Baker",
   year = "1993",
   journal = "J.\ Comput.\ Chem.",
   volume = "14",
   pages = "1085"
}

@ARTICLE{Nemeth04,
   author = "K. Nemeth and M. Challacombe",
   year = "2004",
   journal = "J.\ Chem.\ Phys.",
   volume = "121",
   pages = "2877"
}

@ARTICLE{Beylkin99,
   author = "G. Beylkin and N. Coult and M.\ J. Mohlenkamp",
   year = "1999",
   journal = "J.\ Comput.\ Phys.",
   volume = "152",
   pages = "32"
}

@ARTICLE{Beylkin91,
   author = "G. Beylkin and R. Coifman and V. Rokhlin",
   year = "1991",
   journal = "Commun.\ Pure Appl.\ Math.",
   volume = "44",
   pages = "141"
}

@ARTICLE{Niklasson_Unpubl,
   author = "A.\ M.\ N. Niklasson",
   year = "2004",
   journal = "unpublished"
}

@ARTICLE{NiklassonPRT1,
   author = "A.\ M.\ N. Niklasson and M. Challacombe",
   year = "2004",
   journal = "Phys.\ Rev.\ Lett.",
   volume = "92",
   pages = "193001"
}
@ARTICLE{WeberPRT2,
   author = "V. Weber and A.\ M.\ N. Niklasson and M. Challacombe",
   year = "2004",
   journal = "Phys.\ Rev.\ Lett.",
   volume = "92",
   pages = "193002"
}

@ARTICLE{Larin92,
   author = "V.\ B. Larin",
   year = "1992",
   journal = "Technicheskaya Kibernetika",
   volume = "1",
   pages = "210"
}

@ARTICLE{Baer98,
   author = "R. Baer and M. Head-Gordon",
   year = "1998",
   journal = "J.\ Chem.\ Phys.",
   volume = "23",
   pages = "10159"
}


@ARTICLE{Gibson93,
   author = "A. Gibson and R. Haydock and J.\ P. LaFemina",
   year = "1993",
   journal = "Phys.\ Rev.\ B",
   volume = "47",
   pages = "9229"
}

@ARTICLE{Ordejon93,
   author = "P. Ordej'{o}n and D.\ A. Drabold and M.\ P. Grumbach and
             R.\ M. Martin",
   year = "1993",
   journal = "Phys.\ Rev.\ B",
   volume = "48",
   pages = "14646"
}

@ARTICLE{Kim95,
   author = "J. Kim and F. Mauri and G. Galli",
   year = "1995",
   journal = "Phys.\ Rev.\ B",
   volume = "52",
   pages = "1640"
}

@ARTICLE{Yokojima98,
   author = "S. Yokojima and G.\ H. Chen",
   year = "1998",
   journal = "Chem.\ Phys.\ Lett.",
   volume = "292",
   pages = "379"
}

@ARTICLE{Yam03,
   author = "C. Yam and S. Yokojima and G.\ H. Chen",
   year = "2003",
   journal = "Phys.\ Rev.\ B",
   volume = "68",
   pages = "153105"
}

@ARTICLE{Matt,
   author = "M. Challacombe",
   year = "2004",
   journal = "Private Communication",
}

@ARTICLE{Guerra98,
   author = "C.\ F. Guerra and J.\ G. Snijders and G te Velde and E.\ J. Baerends",
   year = "1998",
   journal = "Theor.\ Chem.\ Acc.",
   volume = "99",
   pages = "391"
}

@ARTICLE{Strain96,
   author = "M.\ C. Strain and G.\ E. Scusseria and M.\ J. Frisch",
   year = "1996",
   journal = "Science",
   volume = "271",
   pages = "51"
}

@ARTICLE{White94,
   author = "C.\ A. White and B.\ G. Johnson and P.\ M.\ W. Gill and M HeadGordon",
   year = "1994",
   journal = "Chem.\ Phys.\ Lett.",
   volume = "230",
   pages = "8"
}

@ARTICLE{Artacho99,
   author = "E. Artacho and D. SanchesPortal and P. Ordejon and A Garcia and J.\ M. Soler",
   year = "1999",
   journal = "Phys.\ Status Solidi B",
   volume = "215",
   pages = "809"
}

@ARTICLE{Pulay04,
   author = "P. Pulay, G. Fogarasi",
   year = "2004",
   journal = "Chem.\ Phys.\ Lett.",
   volume = "386",
   pages = "272"
}

@ARTICLE{Pulay80,
   author = "P. Pulay",
   year = "1980",
   journal = "Chem.\ Phys.\ Lett.",
   volume = "73",
   pages = "393"
}



